@conference{theimportance,
  author       = {Charles J. Alpert and Gustavo E. Tellez}, 
  title        = {The importance of Routing Congestion Analysis},
  year         = 2010,
  organization = {DAC},
}

@ARTICLE{rentsrulerecursive, 
author={Xiaojian Yang and Kastner, R. and Sarrafzadeh, M.}, 
journal=tcad,
title={Congestion estimation during top-down placement}, 
year={2002}, 
volume={21}, 
number={1}, 
pages={72--80}, 
ISSN={0278-0070}, 
month={Jan},
}

@inproceedings{rentsrule,
 author = {Yang, Xiaojian and Bozorgzadeh, Elaheh and Sarrafzadeh, Majid},
 title = {Wirelength Estimation Based on Rent Exponents of Partitioning and Placement},
 booktitle = slip,
 year = {2001},
 isbn = {1-58113-315-4},
 location = {Sonoma, California, USA},
 pages = {25--31},
 numpages = {7},
 acmid = {368658},
} 

@ARTICLE{first, 
author={Jinan Lou and Thakur, S. and Krishnamoorthy, S. and Sheng, H.S.}, 
journal=tcad,
title={Estimating routing congestion using probabilistic analysis}, 
year={2002}, 
volume={21}, 
number={1}, 
pages={32--41}, 
ISSN={0278-0070}, 
month={Jan},
}

@inproceedings{modeling,
 author = {Westra, Jurjen and Bartels, Chris and Groeneveld, Patrick},
 title = {Probabilistic Congestion Prediction},
 booktitle = ispd,
 year = {2004},
 isbn = {1-58113-817-2},
 location = {Phoenix, Arizona, USA},
 pages = {204--209},
 numpages = {6},
} 

@INPROCEEDINGS{SMD, 
author={Chiu-Wing Sham and Young, E.F.Y.}, 
booktitle=aspdac,
title={Congestion prediction in floorplanning}, 
year={2005}, 
volume={2}, 
pages={1107--1110},
month={Jan},
}

@article{3step,
 author = {Sham, Chiu-Wing and Young, Evangeline F. Y. and Lu, Jingwei},
 title = {Congestion Prediction in Early Stages of Physical Design},
 journal = todaes,
 volume = {14},
 number = {1},
 month = jan,
 year = {2009},
 issn = {1084-4309},
 pages = {12:1--12:18},
 articleno = {12},
 numpages = {18},
 acmid = {1455241},
} 

@INPROCEEDINGS{mixedsizeplacement, 
author={Meng-Kai Hsu and Sheng Chou and Tzu-Hen Lin and Yao-Wen Chang}, 
booktitle=iccad,
title={Routability-driven analytical placement for mixed-size circuit designs}, 
year={2011}, 
pages={80--84}, 
ISSN={1092-3152}, 
month={Nov},}

@INPROCEEDINGS{ripple, 
author={X. He and T. Huang and L. Xiao and H. Tian and G. Cui and E. F. Y. Young}, 
booktitle=iccad,
title={Ripple: An effective routability-driven placer by iterative cell movement}, 
year={2011}, 
pages={74--79}, 
ISSN={1092-3152}, 
month={Nov},}

@inproceedings{simplr,
 author = {Kim, Myung-Chul and Hu, Jin and Lee, Dong-Jin and Markov, Igor L.},
 title = {A SimPLR Method for Routability-driven Placement},
 booktitle = iccad,
 year = {2011},
 isbn = {978-1-4577-1398-9},
 location = {San Jose, California},
 pages = {67--73},
 numpages = {7},
 acmid = {2132346},
} 

@INPROCEEDINGS{nctufast, 
author={W. Liu and Y. Li and C. Koh}, 
booktitle=iccad,
title={A fast maze-free routing congestion estimator with hybrid unilateral monotonic routing}, 
year={2012}, 
volume={}, 
number={}, 
pages={713--719}, 
ISSN={1558-2434}, 
month={Nov},}

@INPROCEEDINGS{fastroute, 
author={M. Pan and C. Chu}, 
booktitle=iccad,
title={FastRoute: A Step to Integrate Global Routing into Placement}, 
year={2006}, 
volume={}, 
number={}, 
pages={464--471}, 
ISSN={1092-3152}, 
month={Nov},}

@inproceedings{study,
 author = {Alpert, Charles J. and Li, Zhuo and Moffitt, Michael D. and Nam, Gi-Joon and Roy, Jarrod A. and Tellez, Gustavo},
 title = {What Makes a Design Difficult to Route},
 booktitle = ispd,
 year = {2010},
 isbn = {978-1-60558-920-6},
 location = {San Francisco, California, USA},
 pages = {7--12},
 numpages = {6},
 acmid = {1735028},
}  

@inproceedings{ispd15,
 author = {Bustany, Ismail S. and Chinnery, David and Shinnerl, Joseph R. and Yutsis, Vladimir},
 title = {ISPD 2015 Benchmarks with Fence Regions and Routing Blockages for Detailed-Routing-Driven Placement},
 booktitle = ispd,
 year = {2015},
 isbn = {978-1-4503-3399-3},
 location = {Monterey, California, USA},
 pages = {157--164},
 numpages = {8},
 acmid = {2723572},
} 

@inproceedings{ispd14,
 author = {Yutsis, Vladimir and Bustany, Ismail S. and Chinnery, David and Shinnerl, Joseph R. and Liu, Wen-Hao},
 title = {ISPD 2014 Benchmarks with Sub-45Nm Technology Rules for Detailed-routing-driven Placement},
 booktitle = ispd,
 year = {2014},
 isbn = {978-1-4503-2592-9},
 location = {Petaluma, California, USA},
 pages = {161--168},
 numpages = {8},
 acmid = {2565877},
} 

@INPROCEEDINGS{mlinphysicaldesign, 
author={B. Yu and D. Z. Pan and T. Matsunawa and X. Zeng}, 
booktitle=aspdac,
title={Machine learning and pattern matching in physical design}, 
year={2015}, 
volume={}, 
number={}, 
pages={286--293}, 
ISSN={2153-6961}, 
month={Jan},}

@inproceedings{drcpredict18,
 author = {Tabrizi, Aysa Fakheri and Darav, Nima Karimpour and Xu, Shuchang and Rakai, Logan and Bustany, Ismail and Kennings, Andrew and Behjat, Laleh},
 title = {A Machine Learning Framework to Identify Detailed Routing Short Violations from a Placed Netlist},
 booktitle = dac,
 year = {2018},
 isbn = {978-1-4503-5700-5},
 location = {San Francisco, California},
 pages = {48:1--48:6},
 articleno = {48},
 numpages = {6},
 acmid = {3195975},
} 

@INPROCEEDINGS{drcingr, 
author={Z. Qi and Y. Cai and Q. Zhou}, 
booktitle=iccd,
title={Accurate prediction of detailed routing congestion using supervised data learning}, 
year={2014}, 
volume={}, 
number={}, 
pages={97--103}, 
ISSN={1063-6404}, 
month={Oct},}

@INPROCEEDINGS{drcDAT18, 
author={L. Chen and C. Huang and Y. Chang and H. Chen}, 
booktitle=vlsi-dat,
title={A learning-based methodology for routability prediction in placement}, 
year={2018}, 
volume={}, 
number={}, 
pages={1--4}, 
ISSN={2472-9124}, 
month={April},}

@inproceedings{parameterstudy,
 author = {Melchert, Jackson and Zhang, Boyu and Davoodi, Azadeh},
 title = {A Comparative Study of Local Net Modeling Using Machine Learning},
 booktitle = glsvlsi,
 year = {2018},
 isbn = {978-1-4503-5724-1},
 location = {Chicago, IL, USA},
 pages = {273--278},
 numpages = {6},
 acmid = {3194579},
} 

@INPROCEEDINGS{NTHU, 
author={Y. Chang and Y. Lee and T. Wang}, 
booktitle=iccad,
title={NTHU-Route 2.0: A fast and stable global router}, 
year={2008}, 
volume={}, 
number={}, 
pages={338--343}, 
ISSN={1092-3152}, 
month={Nov},}

@ARTICLE{FLUTE, 
author={C. Chu and Y. Wong}, 
journal=tcad,
title={FLUTE: Fast Lookup Table Based Rectilinear Steiner Minimal Tree Algorithm for VLSI Design}, 
year={2008}, 
volume={27}, 
number={1}, 
pages={70--83}, 
ISSN={0278-0070}, 
month={Jan},}

@article{MARS,
 ISSN = {00905364},
 author = {Jerome H. Friedman},
 journal = aos,
 number = {1},
 pages = {1--67},
 publisher = {Institute of Mathematical Statistics},
 title = {Multivariate Adaptive Regression Splines},
 volume = {19},
 year = {1991}
}

